@book{Riley2006,
address = {New York},
author = {Riley, K. F. and Hobson, M. P. and Bence, S. J.},
edition = {3},
file = {:home/victor/Downloads/K. F. Riley, M. P. Hobson, S. J. Bence - Mathematical methods for physics and engineering-Cambridge University Press (2006).pdf:pdf},
isbn = {9780521861533},
publisher = {Cambridge University Press},
title = {{Mathematical Methods For Physics and Engineering}},
year = {2006}
}
